@string{daysep = "~"}
@string{dayterm = ""}
 
@string{seealso = "See also "}
@string{alsoas = "Also published as "}
@string{alsoin = "Also published in "}
@string{infile = "Also in file "}
@string{publishedas = "Published as "}
@string{publishedin = "Published in "}
@string{extendedas = "Extended version published as "}
@string{extendedin = "Extended version published in "}
@string{privcom = "Private communication"}
@string{toappear = "To appear "}
@string{toappearin = "To appear in "}
@string{toappearas = "To appear as "}
@string{inpress = "In press"}
@string{inpreparation = "In preparation"}
@string{submittedto = "Submitted to "}
