@string{daysep = ".~"}
@string{dayterm = "."}
 
@string{seealso = "Siehe auch "}
@string{alsoas = "Auch erschienen als "}
@string{alsoin = "Auch erschienen in "}
@string{infile = "In Datei "}
@string{publishedas = "Erschienen als "}
@string{publishedin = "Erschienen in "}
@string{extendedas = "Ausf{\"u}hrliche Fassung erschienen als "}
@string{extendedin = "Ausf{\"u}hrliche Fassung erschienen in "}
@string{privcom = "Pers{\"o}nliche Mitteilung"}
@string{toappear = "Erscheint "}
@string{toappearin = "Erscheint in "}
@string{toappearas = "Erscheint als "}
@string{inpress = "In Druck"}
@string{inpreparation = "In Vorbereitung"}
@string{submittedto = "Eingereicht f{\"u}r "}
