@Article{bib:-,
  author        = "",
  title         = "",
  journal       = ,
  year          = 19,
  volume        = ,
  number        = ,
  pages         = "--",
  month         =
}
 
@Book{bib:-,
  author        = "",
%  editor       = "",
  title         = "",
  publisher     = ,
  year          = 19,
  volume        = ,
  series        = ,
  address       = "",
  edition       = ,
  month         =
}
 
@InProceedings{bib:-
  author        = "",
  title         =
  crossref      = "CVPR-94"
}
 
@TechReport{bib:-,
  author        = "",
  title         = "",
  institution   = "",
  year          = 19,
  number        = "",
  month         =
}
